@inproceedings{9312250,
  author    = {Korolyov, Sergey A. and Shikov, Aleksandr P. and Parshin,
               Vladimir V.},
  booktitle = {2020 7th All-Russian Microwave Conference
               (RMC)},
  title     = {Millimeter-continuous-wave radar for creating array
               imaging system with higher range},
  year      = {2020},
  volume    = {},
  number    = {},
  pages     = {15-18},
  doi       = {10.1109/RMC50626.2020.9312250}
}

@inproceedings{9253837,
  author    = {Korolyov, Sergey A. and Shikov, Aleksandr
               P. and Shashkin, Vladimir I.},
  booktitle = {2020 21st International Radar
               Symposium (IRS)},
  title     = {A 94 GHz FMCW Radar Easy Scaled to Focal-Plane
               Array Imaging System},
  year      = {2020},
  volume    = {},
  number    = {},
  pages     = {304-307},
  doi       = {10.23919/IRS48640.2020.9253837}
}

@article{9069254,
  author  = {Korolyov, Sergey A. and Shikov, Aleksandr P. and Goryunov,
             Aleksandr V. and Shashkin, Vladimir I.},
  journal = {IEEE Sensors
             Letters},
  title   = {A 94-GHz FMCW Radar Receiver Based on Low-Barrier
             Diode},
  year    = {2020},
  volume  = {4},
  number  = {5},
  pages   = {1-4},
  doi     = {10.1109/LSENS.2020.2986370}
}

@inproceedings{9232361,
  author    = {Panfilova, M. and Shikov, A. and Karaev, V.},
  booktitle = {2020 XXXIIIrd General Assembly and Scientific Symposium of the
               International Union of Radio Science},
  title     = {Sea ice detection
               using Ku-band radar onboard GPM satellite},
  year      = {2020},
  volume    = {},
  number    = {},
  pages     = {1-3},
  doi       = {10.23919/URSIGASS49373.2020.9232361}
}

@inproceedings{RIR2019,
  author    = {Королев, С.А. and Шиков, А.П. and Шашкин, В.И.},
  booktitle = {{Сборник трудов XIII всероссийской научно-технической конференции
               “Радиолокация и радиосвязь”}},
  title     = {Использование планарного
               смесителя на основе низкобарьерного диода шоттки в радиолокаторе
               непрерывного излучения миллиметрового диапазона с линейной частотной
               модуляцией},
  year      = {2019},
  volume    = {},
  number    = {},
  pages     = {12-16},
  issn      = {1684-1719},
  address   = {Москва}
}

@conference{spbArct2020,
  author      = {Панфилова, М.А. and Шиков, А.П. and Карев, В.Ю.},
  booktitle   = {Комплексные исследования природной среды Арктики и
                 Антарктики : Тезисы докладов международной научной конференции},
  title       = {Детектирования ледяного покрова на поверхности моря по
                 радиолокационным измерениям в KU-диапазоне при малых углах падения},
  year        = {2020},
  pages       = {273-276},
  institution = {Арктический и
                 антарктический научно-исследовательский
                 институт},
  address     = {Арктический и антарктический научно-исследовательский
                 институт, Санкт-Петербург}
}

@conference{kimo2019,
  author      = {Шиков, А.П. and Панфилова, М.А. and Понур, К.А. and Карев,
                 В.Ю. and
                 Виноградов, И.Д. and Рябкова, М.С},
  booktitle   = {Комплексные исследования Мирового океана : Материалы IV
                 Всероссийской научной конференции молодых ученых},
  title       = {Алгоритм картографирования ледяного покрова по данным двухчастотного
                 дождевого радиолокатора и радиометра на примере Охотского моря},
  year        = {2019},
  pages       = {191-192},
  institution = {Морской гидрофизический
                 институт РАН},
  address     = {Морской гидрофизический институт РАН,
                 Севастополь}
}

@conference{dzz2018,
  author      = {Шиков, А.П. and Панфилова, М.А. and Понур, К.А. and Карев,
                 В.Ю. and
                 Виноградов, И.Д. and Рябкова, М.С},
  booktitle   = {Сборник тезисов докладов шестнадцатой Всероссийской
                 открытой конференции "Современные проблемы дистанционного зондирования
                 Земли из космоса"},
  title       = {Картографирование ледяного покрова по
                 данным двухчастотного дождевого радиолокатора на примере Охотского моря},
  year        = {2018},
  pages       = {309},
  institution = {Институт
                 космических исследований Российской академии
                 наук},
  address     = {Институт космических исследований Российской академии
                 наук, Москва},
  isbn        = {978-5-00015-018-4},
  doi         = {10.21046/2070-16DZZconf-2018a}
}

@conference{dzz2019Panf,
  author      = {Панфилова, М.А. and Шиков, А.П. and Карев, В.Ю.},
  booktitle   = {Материалы 17-й Всероссийской открытой конференции
                 "Современные проблемы дистанционного зондирования Земли из космоса"},
  title       = {Глобальная карта дисперсии уклонов морской поверхности по
                 данным двухчастотного дождевого радиолокатора},
  year        = {2019},
  pages       = {317},
  institution = {Институт космических исследований
                 Российской академии
                 наук},
  address     = {Институт космических исследований Российской академии
                 наук, Москва}
}

@conference{dzz2019Shikov,
  author      = {Шиков, А.П. and Панфилова, М.А. and Карев, В.Ю.},
  booktitle   = {Материалы 17-й Всероссийской открытой конференции
                 "Современные проблемы дистанционного зондирования Земли из космоса"},
  title       = {Использование данных двухчастотного радиолокатора и
                 радиометра на спутнике GPM для детектирования ледяного покрова на
                 поверхности моря},
  year        = {2019},
  pages       = {352},
  institution = {Институт космических исследований Российской академии
                 наук},
  address     = {Институт космических исследований Российской академии
                 наук, Москва}
}

@conference{Panf2020,
  author      = {Панфилова, М.А. and Шиков, А.П. and Карев, В.Ю.},
  booktitle   = {Материалы V Всероссийской научной конференции молодых
                 ученых},
  title       = {Измерение дисперсии уклонов морского волнения в
                 свч диапазоне при малых углах падения},
  pages       = {150-151},
  year        = {2020},
  month       = {5},
  institution = {Атлантическое отделение федерального государственного
                 бюджетного учреждения науки "Институт океанологии им. П.П.
                 Ширшова Российской академии наук"},
  address     = {Атлантическое отделение федерального государственного
                 бюджетного учреждения науки "Институт океанологии им. П.П.
                 Ширшова Российской академии наук", Калининград}
}